%YAML 1.1
%TAG !u! tag:unity3d.com,2011:
--- !u!1001 &100100000
Prefab:
  m_ObjectHideFlags: 1
  serializedVersion: 2
  m_Modification:
    m_TransformParent: {fileID: 0}
    m_Modifications: []
    m_RemovedComponents: []
  m_ParentPrefab: {fileID: 0}
  m_RootGameObject: {fileID: 1226500007785752}
  m_IsPrefabParent: 1
--- !u!1 &1226500007785752
GameObject:
  m_ObjectHideFlags: 0
  m_PrefabParentObject: {fileID: 0}
  m_PrefabInternal: {fileID: 100100000}
  serializedVersion: 5
  m_Component:
  - component: {fileID: 4119046836248038}
  - component: {fileID: 114646237716767226}
  - component: {fileID: 212497260585467002}
  - component: {fileID: 60804654152332058}
  - component: {fileID: 114804663337439284}
  - component: {fileID: 114268809670203742}
  m_Layer: 8
  m_Name: PlacableStone6
  m_TagString: Untagged
  m_Icon: {fileID: 0}
  m_NavMeshLayer: 0
  m_StaticEditorFlags: 0
  m_IsActive: 1
--- !u!4 &4119046836248038
Transform:
  m_ObjectHideFlags: 1
  m_PrefabParentObject: {fileID: 0}
  m_PrefabInternal: {fileID: 100100000}
  m_GameObject: {fileID: 1226500007785752}
  m_LocalRotation: {x: 0, y: 0, z: 0, w: 1}
  m_LocalPosition: {x: -144.47517, y: -13.683038, z: 0}
  m_LocalScale: {x: 1, y: 1, z: 1}
  m_Children: []
  m_Father: {fileID: 0}
  m_RootOrder: 0
  m_LocalEulerAnglesHint: {x: 0, y: 0, z: 0}
--- !u!60 &60804654152332058
PolygonCollider2D:
  m_ObjectHideFlags: 1
  m_PrefabParentObject: {fileID: 0}
  m_PrefabInternal: {fileID: 100100000}
  m_GameObject: {fileID: 1226500007785752}
  m_Enabled: 1
  m_Density: 1
  m_Material: {fileID: 0}
  m_IsTrigger: 0
  m_UsedByEffector: 0
  m_UsedByComposite: 0
  m_Offset: {x: 0, y: 0}
  m_SpriteTilingProperty:
    border: {x: 0, y: 0, z: 0, w: 0}
    pivot: {x: 0.5, y: 0.5}
    oldSize: {x: 25, y: 20}
    newSize: {x: 0.96, y: 0.96}
    adaptiveTilingThreshold: 0.5
    drawMode: 0
    adaptiveTiling: 0
  m_AutoTiling: 0
  m_Points:
    m_Paths:
    - - {x: 0.2, y: -9.900001}
      - {x: 1.8000001, y: -9.8}
      - {x: 5.4, y: -9.3}
      - {x: 6.2000003, y: -8.8}
      - {x: 8.6, y: -8.7}
      - {x: 10.8, y: -7.5}
      - {x: 11.8, y: -6.3}
      - {x: 11.900001, y: -5.8}
      - {x: 11.900001, y: -5.1}
      - {x: 11.2, y: -4}
      - {x: 10.8, y: -2.5}
      - {x: 10.3, y: -1.1}
      - {x: 8.7, y: 1.1}
      - {x: 8.6, y: 3}
      - {x: 8.3, y: 4.6}
      - {x: 7.6, y: 6.5}
      - {x: 6.8, y: 7}
      - {x: 5.9, y: 7.3}
      - {x: 4.6, y: 7.6}
      - {x: 4.2000003, y: 8.900001}
      - {x: 3.6000001, y: 9.6}
      - {x: 2.9, y: 10}
      - {x: 1, y: 10}
      - {x: -0.90000004, y: 9}
      - {x: -2.1000001, y: 9}
      - {x: -2.7, y: 8.8}
      - {x: -4.2000003, y: 7.4}
      - {x: -4.8, y: 6.1}
      - {x: -4.8, y: 4.9}
      - {x: -6, y: 3.8}
      - {x: -7.2000003, y: 2.2}
      - {x: -7.3, y: 0.7}
      - {x: -8, y: -0.3}
      - {x: -8.2, y: -1.7}
      - {x: -9.7, y: -2.7}
      - {x: -11.3, y: -5}
      - {x: -12.1, y: -7.3}
      - {x: -12.1, y: -9.1}
      - {x: -11.2, y: -9.900001}
      - {x: -8.8, y: -9.900001}
      - {x: -4.1, y: -9.7}
      - {x: -2, y: -9.5}
      - {x: -0.90000004, y: -9.900001}
--- !u!114 &114268809670203742
MonoBehaviour:
  m_ObjectHideFlags: 1
  m_PrefabParentObject: {fileID: 0}
  m_PrefabInternal: {fileID: 100100000}
  m_GameObject: {fileID: 1226500007785752}
  m_Enabled: 1
  m_EditorHideFlags: 0
  m_Script: {fileID: 11500000, guid: 14c20fadb7367ca44a0aa6d26a258a41, type: 3}
  m_Name: 
  m_EditorClassIdentifier: 
  ComponentsDebug: []
  TemplateId: Placable
--- !u!114 &114646237716767226
MonoBehaviour:
  m_ObjectHideFlags: 1
  m_PrefabParentObject: {fileID: 0}
  m_PrefabInternal: {fileID: 100100000}
  m_GameObject: {fileID: 1226500007785752}
  m_Enabled: 1
  m_EditorHideFlags: 0
  m_Script: {fileID: 11500000, guid: fbd46658f7388554eb5b5edc2a1c73b6, type: 3}
  m_Name: 
  m_EditorClassIdentifier: 
  ComponentsDebug: []
  Name: Stone6
  Summary: 
  IsGhost: 0
  PlacableZones: []
--- !u!114 &114804663337439284
MonoBehaviour:
  m_ObjectHideFlags: 1
  m_PrefabParentObject: {fileID: 0}
  m_PrefabInternal: {fileID: 100100000}
  m_GameObject: {fileID: 1226500007785752}
  m_Enabled: 1
  m_EditorHideFlags: 0
  m_Script: {fileID: 11500000, guid: bcd4ab94f35b3b649a139bb0883a6901, type: 3}
  m_Name: 
  m_EditorClassIdentifier: 
  IsSelectable: 1
  IsRotatable: 1
  IsRemovable: 1
  IsMovable: 1
  LinkedItem: {fileID: 0}
--- !u!212 &212497260585467002
SpriteRenderer:
  m_ObjectHideFlags: 1
  m_PrefabParentObject: {fileID: 0}
  m_PrefabInternal: {fileID: 100100000}
  m_GameObject: {fileID: 1226500007785752}
  m_Enabled: 1
  m_CastShadows: 0
  m_ReceiveShadows: 0
  m_DynamicOccludee: 1
  m_MotionVectors: 1
  m_LightProbeUsage: 1
  m_ReflectionProbeUsage: 1
  m_Materials:
  - {fileID: 2100000, guid: d5b740f8859986340a84d963d181da0b, type: 2}
  m_StaticBatchInfo:
    firstSubMesh: 0
    subMeshCount: 0
  m_StaticBatchRoot: {fileID: 0}
  m_ProbeAnchor: {fileID: 0}
  m_LightProbeVolumeOverride: {fileID: 0}
  m_ScaleInLightmap: 1
  m_PreserveUVs: 0
  m_IgnoreNormalsForChartDetection: 0
  m_ImportantGI: 0
  m_StitchLightmapSeams: 0
  m_SelectedEditorRenderState: 0
  m_MinimumChartSize: 4
  m_AutoUVMaxDistance: 0.5
  m_AutoUVMaxAngle: 89
  m_LightmapParameters: {fileID: 0}
  m_SortingLayerID: 1560594053
  m_SortingLayer: 6
  m_SortingOrder: 0
  m_Sprite: {fileID: 21300000, guid: b1fd6b6d420e60c40a398fd5c641ff50, type: 3}
  m_Color: {r: 1, g: 1, b: 1, a: 1}
  m_FlipX: 0
  m_FlipY: 0
  m_DrawMode: 0
  m_Size: {x: 0.96, y: 0.96}
  m_AdaptiveModeThreshold: 0.5
  m_SpriteTileMode: 0
  m_WasSpriteAssigned: 1
  m_MaskInteraction: 0
